<?xml version="1.0" encoding="UTF-8"?><collection xmlns="http://www.loc.gov/MARC21/slim"><record><leader>00717nam--2200169-i-4500</leader><controlfield tag="001">000041013</controlfield><controlfield tag="002">20161230</controlfield><controlfield tag="005">20161230201042</controlfield><controlfield tag="008">060222s1000------------r-----000-0-eng-d</controlfield><datafield ind1=" " ind2=" " tag="040"><subfield code="a">IFIN-HH</subfield></datafield><datafield ind1=" " ind2=" " tag="080"><subfield code="a">061.3:539.1</subfield></datafield><datafield ind1="1" ind2=" " tag="110"><subfield code="a">International Atomic Energy Agency</subfield></datafield><datafield ind1="1" ind2="0" tag="245"><subfield code="a">Selected topics in nuclear theory</subfield><subfield code="b">Lectures presented at an international summer school on selected topics in nuclear theory, organized by nuclear research institute of the czechoslovak academy of sciences with the co-operation of the iaea in the low tatra mountains, 20 august - 9 septembeR 1962</subfield></datafield><datafield ind1=" " ind2=" " tag="260"><subfield code="a">Vienna</subfield><subfield code="b">International Atomic Energy Agency</subfield><subfield code="c">1963</subfield></datafield><datafield ind1=" " ind2=" " tag="300"><subfield code="a">452 P</subfield></datafield><datafield ind1=" " ind2=" " tag="852"><subfield code="a">17954</subfield><subfield code="c">539</subfield></datafield><datafield ind1=" " ind2=" " tag="CAT"><subfield code="a">Sys</subfield><subfield code="c">20110927</subfield><subfield code="h">143328</subfield></datafield></record></collection>